@article{Botschwina2011,
  title   = {{Explicitly correlated coupled cluster calculations for the propargyl cation (H$_2$C$_3$H$^+$) and related species)}},
  year    = {2011},
  journal = {J. Chem. Phys.},
  author  = {Botschwina, Peter and Oswald, Rainer},
  pages   = {44305},
  volume  = {134},
  url     = {https://doi.org/10.1063/1.3525466},
  doi     = {10.1063/1.3525466}
}

@article{Chakrabarty2013,
  author    = {Chakrabarty, Satrajit and Holz, Mathias and Campbell, Ewen K. and Banerjee, Agniva and Gerlich, Dieter and  Maier, John P.},
  doi       = {10.1021/JZ402264N/ASSET/IMAGES/LARGE/JZ-2013-02264N_0005.JPEG},
  issn      = {19487185},
  issue     = {23},
  journal   = {J. Phys. Chem. Lett.},
  keywords  = {diatomic cation,electronic spectroscopy,excited states,ion trapping,tagging,ternary association},
  month     = {12},
  pages     = {4051-4054},
  publisher = {American Chemical Society},
  title     = {A novel method to measure electronic spectra of cold molecular ions},
  volume    = {4},
  url       = {https://pubs.acs.org/doi/full/10.1021/jz402264n},
  year      = {2013}
}
@article{He2005,
  author  = {He, Sheng-Gui  and Clouthier, Dennis J},
  doi     = {10.1063/1.1938947},
  journal = {J. Chem. Phys},
  pages   = {14316},
  title   = {Renner-Teller vibronic analysis for a tetra-atomic molecule. I. The effective Hamiltonian and matrix elements},
  volume  = {123},
  url     = {https://doi.org/10.1063/1.1938947},
  year    = {2005}
}


@article{Jasik2013,
  author   = {Jašík, Juraj and Žabka, Ján and Roithová, Jana and Gerlich, Dieter},
  doi      = {10.1016/J.IJMS.2013.06.007},
  issn     = {13873806},
  journal  = {Int. J. Mass Spectrom.},
  keywords = {Buffer gas cooling,Dications,Helium,Infrared predissociation spectroscopy,Linear wire quadrupole trap,Tagging},
  pages    = {204-210},
  title    = {Infrared spectroscopy of trapped molecular dications below 4 K},
  volume   = {354-355},
  year     = {2013}
}

@article{Douberly2008,
  author  = {Douberly, G. E. and Ricks, A.M. and Schleyer, P. V. R and Duncan, M. A},
  doi     = {10.1021/jp802020n},
  journal = {J. Phys. Chem. A. Lett.},
  title   = {Infrared Spectroscopy of Gas Phase Benzenium Ions: Protonated Benzene and Protonated Toluene, from 750 to 3400 cm$^{-1}$},
  year    = {2008},
  url     = {https://pubs.acs.org/sharingguidelines}
}

@article{Western2017,
  author    = {Western, Colin M.},
  doi       = {10.1016/J.JQSRT.2016.04.010},
  issn      = {00224073},
  journal   = {J. Quant. Spectrosc. Radiat. Transf.},
  keywords  = {Hyperfine structure,Molecular spectra,Perturbations,Rotational energy levels,Vibrational energy levels},
  month     = {1},
  pages     = {221-242},
  publisher = {Elsevier Ltd},
  title     = {PGOPHER: A program for simulating rotational, vibrational and electronic spectra},
  volume    = {186},
  year      = {2017}
}

@article{Asvany2015,
  author    = {Avany, O and Yamada, K and Br\"{u}nken, S and Potapov, A and Schlemmer, S},
  doi       = {10.1126/SCIENCE.AAA3304/SUPPL_FILE/ASVANY.SM.PDF},
  issn      = {10959203},
  issue     = {6228},
  journal   = {Science},
  month     = {3},
  pages     = {1346-1348},
  publisher = {American Association for the Advancement of Science},
  title     = {Experimental ground-state combination differences of \uppercase{CH}$_5^+$},
  volume    = {347},
  url       = {https://www.science.org/doi/10.1126/science.aaa3304},
  year      = {2015}
}



@article{Wakelam2012AKIDA,
  title    = {{A Kinetic Database for Astrochemistry (KIDA)}},
  year     = {2012},
  journal  = {Astrophys. J. Suppl. Ser.},
  author   = {Wakelam, V and Herbst, E and Loison, J.-C and Smith, I W M and Chandrasekaran, V and Pavone, B and Adams, N G and Bacchus-Montabonel, M.-C and Bergeat, A and B{\'{e}}roff, K and Bierbaum, V M and Chabot, M and Dalgarno, A and Van Dishoeck, E F and Faure, A and Geppert, W D and Gerlich, D and Galli, D and H{\'{e}}brard, E and Hersant, F and Hickson, K M and Honvault, P and Klippenstein, S J and Le Picard, S and Nyman, G and Pernot, P and Schlemmer, S and Selsis, F and Sims, I R and Talbi, D and Tennyson, J and Troe, J and Wester, R and Wiesenfeld, L},
  number   = {10pp},
  pages    = {21},
  volume   = {199},
  url      = {http://kida.obs.u-bordeaux1.fr},
  doi      = {10.1088/0067-0049/199/1/21},
  keywords = {abundances-ISM, astrochemistry-astronomical databases, color figure, miscellaneous-ISM, molecules Online-only material}
}

@article{Peric2007AMolecule,
  title   = {{A model for the Renner-Teller effect in any linear molecule}},
  year    = {2007},
  journal = {Mol. Phys.},
  author  = {Peri{\'{c}}, M},
  number  = {1},
  pages   = {59--69},
  volume  = {105},
  url     = {https://www.tandfonline.com/action/journalInformation?journalCode=tmph20},
  doi     = {10.1080/00268970601129076},
  issn    = {1362-3028}
}

@article{Thelen2019AbundanceObservations,
  title     = {{Abundance measurements of Titan’s stratospheric HCN, HC$_3$N, C$_3$H$_4$, and CH$_3$CN from ALMA observations}},
  year      = {2019},
  journal   = {Icarus},
  author    = {Thelen, Alexander E. and Nixon, C. A. and Chanover, N. J. and Cordiner, M. A. and Molter, E. M. and Teanby, N. A. and Irwin, P. G.J. and Serigano, J. and Charnley, S. B.},
  month     = {2},
  pages     = {417--432},
  volume    = {319},
  publisher = {Academic Press},
  doi       = {10.1016/J.ICARUS.2018.09.023},
  issn      = {0019-1035},
  arxivid   = {1809.10873},
  keywords  = {Atmospheres, composition, Atmospheres, dynamics, Radiative transfer, Radio observations, Titan, atmosphere}
}

@article{Cordiner2014ALMAAtmosphere,
  title    = {{ALMA measurements of the HCN and HC$_3$N distributions in Titan's atmosphere}},
  year     = {2014},
  journal  = {Astrophys. J. Lett.},
  author   = {Cordiner, M A and Nixon, C A and Teanby, N A and Irwin, P G J and Serigano, J and Charnley, S B and Milam, S N and Mumma, M J and Lis, D C and Villanueva, G and Paganini, L and Kuan, Y.-J and Remijan, A J},
  number   = {6pp},
  pages    = {30},
  volume   = {795},
  url      = {https://science.nrao.edu/facilities/alma/aboutALMA/Technology/},
  doi      = {10.1088/2041-8205/795/2/L30},
  keywords = {atmospheres-planets and satellites, imaging spectroscopy-techniques, individual (Titan)-techniques, interferometric, planets and satellites}
}

@article{Iino2021CALMA,
  title    = {{C Isotopic Ratios of HC$_3$N on Titan Measured with ALMA}},
  year     = {2021},
  journal  = {Planet. Sci. J.},
  author   = {Iino, Takahiro and Taniguchi, Kotomi and Sagawa, Hideo and Tsukagoshi, Takashi},
  pages    = {166},
  volume   = {2},
  url      = {https://doi.org/10.3847/PSJ/ac134c},
  isbn     = {2015.1.00512},
  doi      = {10.3847/PSJ/ac134c},
  keywords = {Planetary atmospheres, Radio astronomy, Submillimeter astronomy}
}

@article{Morris1976CyanoacetleneClouds,
  title    = {{Cyanoacetlene in dense interstellar clouds}},
  year     = {1976},
  journal  = {Astrophys. J.},
  author   = {Morris, M and Turner, B E and Palmer, P. and Zuckerman, B},
  pages    = {82--93},
  volume   = {205},
  keywords = {Subject headings, interstellar, lines, molecules-masers-radio sources},
  doi      = {10.1086/154252 }
}

@article{Mauersberger1990DenseProbe,
  title   = {{Dense gas in nearby galaxies. III-HC$_3$N as an extragalactic density probe}},
  year    = {1990},
  journal = {Astron. Astrophys.},
  author  = {Mauersberger, R and Henkel, C and Sage, L J},
  pages   = {63--68},
  volume  = {236},
  issn    = {0004-6361},
  doi     = {10.1051/0004-6361:20030386 }
}

@article{Turner1971DetectionCyanoacetylene,
  title   = {{Detection of interstellar cyanoacetylene}},
  year    = {1971},
  journal = {Astrophys. J.},
  author  = {Turner, B.E},
  number  = {},
  pages   = {L35},
  volume  = {163},
  doi     = {10.1086/180662 }
}

@article{Brown1976DetectionCyanoacetylene,
  title   = {{Detection of interstellar vibrationally excited cyanoacetylene}},
  year    = {1976},
  journal = {Astrophys. J.},
  author  = {Brown, R D and Godfrey, P D and V Storey, J W and Johnson, D R},
  pages   = {139--140},
  volume  = {210},
  doi     = {10.1086/182323 }
}

@article{Olivero1977EmpiricalReview,
  title     = {{Empirical fits to the Voigt line width: A brief review}},
  year      = {1977},
  journal   = {J. Quant. Spectrosc. and Radiat. Transf.},
  author    = {Olivero, J. J. and Longbothum, R. L.},
  number    = {2},
  month     = {2},
  pages     = {233--236},
  volume    = {17},
  publisher = {Pergamon},
  doi       = {10.1016/0022-4073(77)90161-3},
  issn      = {0022-4073}
}

@article{Gans2016ExperimentalSpectroscopy,
  title   = {{Experimental and ab initio characterization of HC$_3$N$^+$ vibronic structure. II. High-resolution VUV PFI-ZEKE spectroscopy}},
  year    = {2016},
  journal = {J. Chem. Phys.},
  author  = {Gans, Bérenger and Lamarre, Nicolas and Broquier, Michel},
  pages   = {234309},
  volume  = {145},
  url     = {https://doi.org/10.1063/1.4972018},
  doi     = {10.1063/1.4972018}
}

@article{Desrier2016ExperimentalSpectroscopy,
  title     = {Experimental and ab initio characterization of HC$_3$N$^+$ vibronic structure. I. Synchrotron-based threshold photo-electron spectroscopy},
  year      = {2016},
  journal   = {J. Chem. Phys.},
  author    = {Desrier, Antoine and Romanzin, Claire and Lamarre, Nicolas and Alcaraz, Christian and Gans, Bérenger and Gauyacq, Dolores and Li{\'{e}}vin, Jacques and Boy{\'{e}}-P{\'{e}}ronne, Séverine},
  number    = {23},
  month     = {12},
  pages     = {234310},
  volume    = {145},
  publisher = {AIP Publishing LLCAIP Publishing},
  url       = {https://aip.scitation.org/doi/abs/10.1063/1.4972019},
  doi       = {10.1063/1.4972019},
  issn      = {0021-9606},
  keywords  = {ab initio calculations, organic compounds, ultraviolet photoelectron spectra, vibrational states, vibronic states}
}

@article{Kong2012ExplicitlyStructure,
  title   = {{Explicitly Correlated R12/F12 Methods for Electronic Structure}},
  year    = {2012},
  journal = {Chem. Rev.},
  author  = {Kong, Liguo and Bischoff, Florian A and Valeev, Edward F},
  pages   = {75--107},
  volume  = {112},
  url     = {https://pubs.acs.org/sharingguidelines},
  doi     = {10.1021/cr200204r}
}

@misc{FELIXLaboratory,
  title = {{FELIX Laboratory - FELIX Laboratory}},
  url   = {https://www.ru.nl/felix/}
}

@misc{SCILAB,
  title = {{\textsc{Scilab}} version 6.1.1.},
  url   = {www.scilab.org}
}
@article{Marimuthu2021InfraredCH3CNH+,
  title     = {{Infrared predissociation spectroscopy of protonated methyl cyanide, CH$_3$CNH$^+$}},
  year      = {2021},
  journal   = {J. Mol. Spectrosc.},
  author    = {Marimuthu, Aravindh N. and Huis in't Veld, Frank and Thorwirth, Sven and Redlich, Britta and Br{\"{u}}nken, Sandra},
  month     = {5},
  pages     = {111477},
  volume    = {379},
  publisher = {Academic Press},
  doi       = {10.1016/J.JMS.2021.111477},
  issn      = {0022-2852},
  keywords  = {Astrochemistry, Cryogenic ion trap, Molecular ions, Titan, Vibrational spectra}
}

@article{Dopfer2002InfraredIsomers,
  title   = {{Infrared Spectra of C$_3$H$_3^+$-N$_2$ Dimers: Identification of Proton-Bound c-C$_3$H$_3^+$-N$_2$  and H$_2$CCCH$+$-$_2$ Isomers}},
  journal = {J. Am. Chem. Soc.},
  year    = {2002},
  author  = {Dopfer, Otto and Roth, Doris and Maier, John P},
  url     = {https://pubs.acs.org/sharingguidelines},
  doi     = {10.1021/ja012004p}
}

@article{Leach2014IonizationCyanoacetylene,
  title     = {{Ionization photophysics and spectroscopy of cyanoacetylene}},
  year      = {2014},
  journal   = {J. Chem. Phys.},
  author    = {Leach, Sydney and Garcia, Gustavo A. and Mahjoub, Ahmed and B{\'{e}}nilan, Yves and Fray, Nicolas and Gazeau, Marie Claire and Gaie-Levrel, François and Champion, Norbert and Schwell, Martin},
  number    = {17},
  month     = {5},
  pages     = {174305},
  volume    = {140},
  publisher = {American Institute of PhysicsAIP},
  url       = {https://aip.scitation.org/doi/abs/10.1063/1.4871298},
  doi       = {10.1063/1.4871298},
  issn      = {0021-9606},
  pmid      = {24811639},
  keywords  = {Rydberg states, molecule-photon collisions, organic compounds, photoelectron spectra, photoionisation, potential energy surfaces, synchrotron radiation, vibrational states}
}

@article{Marimuthu2020LaboratorySpectroscopy,
  title     = {{Laboratory gas-phase vibrational spectra of [C$_3$H$_3$]$^ +$ isomers and isotopologues by IRPD spectroscopy}},
  year      = {2020},
  journal   = {J. Mol. Spectrosc.},
  author    = {Marimuthu, Aravindh N. and Sundelin, David and Thorwirth, Sven and Redlich, Britta and Geppert, Wolf D. and Br{\"{u}}nken, Sandra},
  month     = {11},
  pages     = {111377},
  volume    = {374},
  publisher = {Academic Press},
  doi       = {10.1016/J.JMS.2020.111377},
  issn      = {0022-2852},
  keywords  = {Astrochemistry, Cryogenic ion trap, Molecular ions, Titan, Vibrational spectra}
}

@article{Thorwirth2020Molecular+,
  title    = {{Descendant of the X-ogen carrier and a 'mass of 69': infrared action spectroscopic detection of HC$_3$O$^+$ and HC$_3$S$^+$}},
  year     = {2020},
  journal  = {Mol. Phys.},
  author   = {Thorwirth, Sven and Harding, Michael E and Asvany, Oskar and Br{\"{u}}nken, Sandra and Jusko, Pavol and Long Kelvin Lee, Kin and Salomon, Thomas and McCarthy, Michael C and Schlemmer, Stephan},
  pages    = {19--20},
  volume   = {118},
  url      = {https://www.tandfonline.com/action/journalInformation?journalCode=tmph20},
  doi      = {10.1080/00268976.2020.1776409},
  keywords = {HC 3 O +, HC 3 S +, Ion traps, action spectroscopy, vibrational spectroscopy}
}

@article{Rap2020StableSpectroscopy,
  title     = {{Stable isomeric structures of the pyridine cation (C$_5$H$_5$N•$^+$) and protonated pyridine (C$_5$H$_5$NH$^+$) elucidated by cold ion infrared spectroscopy}},
  year      = {2020},
  journal   = {J. Mol. Spectrosc.},
  author    = {Rap, Daniël B. and Marimuthu, Aravindh N. and Redlich, Britta and Br{\"{u}}nken, Sandra},
  month     = {9},
  pages     = {111357},
  volume    = {373},
  publisher = {Academic Press},
  doi       = {10.1016/J.JMS.2020.111357},
  issn      = {0022-2852},
  keywords  = {Aromatic, Astrochemistry, Cold ions, Gas phase, Infrared spectroscopy, Isomers}
}

@article{Peterson2008SystematicallyIN,
  title   = {{Systematically convergent basis sets for explicitly correlated wavefunctions: The atoms H, He, B-Ne, and Al-Ar}},
  year    = {2008},
  journal = {J. Chem. Phys.},
  author  = {Peterson, Kirk A and Adler, Thomas B and Werner, Hans-Joachim},
  pages   = {84102},
  volume  = {128},
  url     = {https://doi.org/10.1063/1.2831537},
  doi     = {10.1063/1.2831537}
}

@article{Brown1977TheEffect,
  title   = {{The effective Hamiltonian for the Renner-Teller effect}},
  year    = {1977},
  journal = {J. Mol. Spectrosc.},
  author  = {Brown, J. M.},
  number  = {3},
  pages   = {412--422},
  volume  = {68},
  doi     = {10.1016/0022-2852(77)90245-4},
  issn    = {1096083X}
}

@article{Jusko2019TheDiscussions,
  title   = {{The FELion cryogenic ion trap beam line at the FELIX free-electron laser laboratory: infrared signatures of primary alcohol cations}},
  year    = {2019},
  journal = {Faraday Discuss.},
  author  = {Jusko, Pavol and Br{\"{u}}nken, Sandra and Br{\"{u}}nken, Br¨ and Asvany, Oskar and Thorwirth, Sven and Stoffels, Alexander and Van Der Meer, Lex and Berden, Giel and Redlich, Britta and Oomens, Jos and Schlemmer, Stephan},
  pages   = {172},
  volume  = {217},
  url     = {http://www.ru.nl/felix/},
  doi     = {10.1039/c8fd00225h}
}

@article{Oepts1995TheFELIX,
  title   = {{The Free-Electron-Laser user facility FELIX}},
  year    = {1995},
  journal = {Infrared Phys. Technol.},
  author  = {Oepts, D. and van der Meer, A. F.G. and van Amersfoort, P. W.},
  number  = {1},
  pages   = {297--308},
  volume  = {36},
  doi     = {10.1016/1350-4495(94)00074-U},
  issn    = {13504495}
}

@article{He2005TheRadical,
  title   = {{The ground state of the HCCS free radical}},
  year    = {2005},
  journal = {J. Chem. Phys.},
  author  = {He, Sheng-Gui and Clouthier, Dennis J},
  pages   = {519},
  volume  = {123},
  url     = {https://doi.org/10.1063/1.1938947https://doi.org/10.1063/1.1938948},
  doi     = {10.1063/1.1938947}
}

@article{Werner2020ThePackage,
  title   = {{The Molpro quantum chemistry package}},
  year    = {2020},
  journal = {J. Chem. Phys.},
  author  = {Werner, Hans-Joachim and Knowles, Peter J and Manby, Frederick R},
  pages   = {144107},
  volume  = {152},
  url     = {https://doi.org/10.1063/5.0005081},
  doi     = {10.1063/5.0005081}
}

@article{Vuitton2006TheRevealed,
  title   = {{The nitrogen chemistry of Titan's upper atmosphere revealed}},
  year    = {2006},
  journal = {Astrophys. J.},
  author  = {Vuitton, V and Yelle, R V},
  pages   = {175--178},
  volume  = {647},
  doi     = {10.1086/507467}
}

@article{Pople1960,
  title     = {{The Renner effect and spin-orbit coupling}},
  year      = {1960},
  journal   = {Mol. Phys.},
  author    = {Pople, J. A.},
  number    = {1},
  pages     = {16--22},
  volume    = {3},
  publisher = { Taylor {\&} Francis Group },
  url       = {https://www.tandfonline.com/doi/abs/10.1080/00268976000100021},
  doi       = {10.1080/00268976000100021},
  issn      = {13623028}
}

@article{Dai2015TheCalculations,
  title     = {{The Renner-Teller effect in HCCCN$^+$(X$^2${$\Pi$}) studied by zero-kinetic energy photoelectron spectroscopy and theoretical calculations}},
  year      = {2015},
  journal   = {J. Chem. Phys.},
  author    = {Dai, Zuyang and Sun, Wei and Wang, Jia and Mo, Yuxiang},
  number    = {5},
  month     = {8},
  pages     = {054301},
  volume    = {143},
  publisher = {AIP Publishing LLCAIP Publishing},
  url       = {{https://aip.scitation.org/doi/abs/10.1063/1.4927005}},
  doi       = {{10.1063/1.4927005}},
  issn      = {0021-9606},
  keywords  = {ground states, ionisation potential, organic compounds, photoelectron spectra, positive ions, spin-orbit interactions, vibrational states, vibronic states}
}

@article{Smith-Gicklhorn2001VibrationalCations,
  title   = {{Vibrational spectroscopy of matrix-isolated, mass-selected cyanoacetylene cations}},
  year    = {2001},
  journal = {J. Chem. Phys.},
  author  = {Smith-Gicklhorn, A M and Lorenz, M and Ko{\l}os, R},
  pages   = {7534},
  volume  = {115},
  url     = {https://doi.org/10.1063/1.1405019},
  doi     = {10.1063/1.1405019}
}

@article{Koppel1981VibronicStates,
  title   = {{Vibronic Coupling. I. Mathematical Treatment for Two Electronic States}},
  year    = {1981},
  journal = {J. Chem. Phys.},
  author  = {K{\"{o}}ppel, H and Domcke, W and Cederbaum, L S and Koppel, H},
  pages   = {7367},
  volume  = {74},
  url     = {https://doi.org/10.1063/1.455268},
  doi     = {10.1063/1.441417}
}

@article{RennerZurMolekiilen,
  title   = {{Zur Theorie der Wechselwirkung zwischen Elektronen-und Kern-bewegung bei dreiatomigen, stabf6rmigen Molekiilen}},
  author  = {Renner, R},
  year    = {1934},
  journal = {Z. Phys.},
  doi     = {10.1007/bf01350054},
  volume  = {92},
  issn    = {0044-3328},
  number  = {3},
  year    = {1934},
  pages   = {172--193}
}

@article{Roithovareview,
  title   = {{Experimental techniques and terminology in gas-phase ion spectroscopy}},
  author  = {Pereversev, A and Roithov\'{a}, J},
  year    = {2022},
  journal = {J. Mass Spectrom.},
  doi     = {10.1002/jms.4826},
  number  = {5},
  volume  = {57},
  pages   = {e4826}
}
     
@article{Brodbelt2009,
  author    = {Brodbelt, J. S. and Wilson, J.},
  doi       = {10.1002/MAS.20216},
  issn      = {1098-2787},
  issue     = {3},
  journal   = {Mass Spectrom. Rev.},
  keywords  = {infrared multiphoton dissociation,ion activation,ion trap,photodissociation,tandem mass spectrometry},
  month     = {5},
  pages     = {390-424},
  pmid      = {19294735},
  publisher = {John Wiley & Sons, Ltd},
  title     = {Infrared multiphoton dissociation in quadrupole ion traps},
  volume    = {28},
  url       = {https://onlinelibrary.wiley.com/doi/full/10.1002/mas.20216 https://onlinelibrary.wiley.com/doi/abs/10.1002/mas.20216 https://analyticalsciencejournals.onlinelibrary.wiley.com/doi/10.1002/mas.20216},
  year      = {2009}
}

@article{Jasikova2018,
  author  = {Lucie Ja\v{s}\'{i}kov\'{a} and Roithov\'{a}, J},
  doi     = {10.1002/chem.201705692},
  journal = {Chem. Eur. J},
  pages   = {3374-3390},
  title   = {Infrared Multiphoton Dissociation Spectroscopy with Free-Electron Lasers:Onthe Road from Small Molecules to Biomolecules},
  volume  = {24},
  url     = {https://doi.org/10.1002/chem.201705692.},
  year    = {2018}
}

@article{Schlemmer2002,
  author  = {Schlemmer, S. and Lescop, E. and von Richthofen, J. and Gerlich, D. and Smith, M. A.},
  doi     = {{10.1063/1.1487373}},
  journal = {J. Chem. Phys.},
  pages   = {144303},
  title   = {Laser induced reactions in a 22-pole ion trap: \uppercase{C}$_2$\uppercase{H}$_2^+$ + $h\nu _3$ + \uppercase{H}$_2$ $\longrightarrow$  \uppercase{C}$_2$\uppercase{H}$_3^+$ + \uppercase{H}},
  volume  = {117},
  url     = {{https://doi.org/10.1063/1.1487373}},
  year    = {2002}
}
