@article{Botschwina2011NoTitle,
    title = {{(No Title)}},
    year = {2011},
    journal = {J. Chem. Phys},
    author = {Botschwina, Peter and Oswald, Rainer},
    pages = {44305},
    volume = {134},
    url = {https://doi.org/10.1063/1.3525466},
    doi = {10.1063/1.3525466}
}

@article{Wakelam2012AKIDA,
    title = {{A KINETIC DATABASE FOR ASTROCHEMISTRY (KIDA)}},
    year = {2012},
    journal = {The Astrophysical Journal Supplement Series},
    author = {Wakelam, V and Herbst, E and Loison, J.-C and Smith, I W M and Chandrasekaran, V and Pavone, B and Adams, N G and Bacchus-Montabonel, M.-C and Bergeat, A and B{\'{e}}roff, K and Bierbaum, V M and Chabot, M and Dalgarno, A and Van Dishoeck, E F and Faure, A and Geppert, W D and Gerlich, D and Galli, D and H{\'{e}}brard, E and Hersant, F and Hickson, K M and Honvault, P and Klippenstein, S J and Le Picard, S and Nyman, G and Pernot, P and Schlemmer, S and Selsis, F and Sims, I R and Talbi, D and Tennyson, J and Troe, J and Wester, R and Wiesenfeld, L},
    number = {10pp},
    pages = {21},
    volume = {199},
    url = {http://kida.obs.u-bordeaux1.fr},
    doi = {10.1088/0067-0049/199/1/21},
    keywords = {abundances-ISM, astrochemistry-astronomical databases, color figure, miscellaneous-ISM, molecules Online-only material}
}

@article{Peric2007AMolecule,
    title = {{A model for the Renner-Teller effect in any linear molecule}},
    year = {2007},
    journal = {Molecular Physics},
    author = {Peri{\'{c}}, M},
    number = {1},
    pages = {59--69},
    volume = {105},
    url = {https://www.tandfonline.com/action/journalInformation?journalCode=tmph20},
    doi = {10.1080/00268970601129076},
    issn = {1362-3028}
}

@article{Thelen2019AbundanceObservations,
    title = {{Abundance measurements of Titan’s stratospheric HCN, HC3N, C3H4, and CH3CN from ALMA observations}},
    year = {2019},
    journal = {Icarus},
    author = {Thelen, Alexander E. and Nixon, C. A. and Chanover, N. J. and Cordiner, M. A. and Molter, E. M. and Teanby, N. A. and Irwin, P. G.J. and Serigano, J. and Charnley, S. B.},
    month = {2},
    pages = {417--432},
    volume = {319},
    publisher = {Academic Press},
    doi = {10.1016/J.ICARUS.2018.09.023},
    issn = {0019-1035},
    arxivId = {1809.10873},
    keywords = {Atmospheres, composition, Atmospheres, dynamics, Radiative transfer, Radio observations, Titan, atmosphere}
}

@article{Cordiner2014ALMAAtmosphere,
    title = {{ALMA measurements of the HCN and HC3N distributions in Titan's atmosphere}},
    year = {2014},
    journal = {Astrophys. J.l Lett.},
    author = {Cordiner, M A and Nixon, C A and Teanby, N A and Irwin, P G J and Serigano, J and Charnley, S B and Milam, S N and Mumma, M J and Lis, D C and Villanueva, G and Paganini, L and Kuan, Y.-J and Remijan, A J},
    number = {6pp},
    pages = {30},
    volume = {795},
    url = {https://science.nrao.edu/facilities/alma/aboutALMA/Technology/},
    doi = {10.1088/2041-8205/795/2/L30},
    keywords = {atmospheres-planets and satellites, imaging spectroscopy-techniques, individual (Titan)-techniques, interferometric, planets and satellites}
}

@article{Iino2021CALMA,
    title = {{C Isotopic Ratios of HC 3 N on Titan Measured with ALMA}},
    year = {2021},
    journal = {The Planetary Science Journal},
    author = {Iino, Takahiro and Taniguchi, Kotomi and Sagawa, Hideo and Tsukagoshi, Takashi},
    pages = {166},
    volume = {2},
    url = {https://doi.org/10.3847/PSJ/ac134c},
    isbn = {2015.1.00512},
    doi = {10.3847/PSJ/ac134c},
    keywords = {Planetary atmospheres, Radio astronomy, Submillimeter astronomy}
}

@article{Morris1976CyanoacetleneClouds,
    title = {{Cyanoacetlene in dense interstellar clouds}},
    year = {1976},
    journal = {Astrophys. J.},
    author = {Morris, M and Turner, B E and Palmer, P. and Zuckerman, B},
    pages = {82--93},
    volume = {205},
    keywords = {Subject headings, interstellar, lines, molecules-masers-radio sources}
}

@article{Mauersberger1990DenseProbe,
    title = {{Dense gas in nearby galaxies. III-HC3N as an extragalactic density probe}},
    year = {1990},
    journal = {Astronomy and Astrophysics},
    author = {Mauersberger, R and Henkel, C and Sage, L J},
    pages = {63--68},
    volume = {236},
    issn = {0004-6361}
}

@article{Turner1971DetectionCyanoacetylene,
    title = {{Detection of interstellar cyanoacetylene}},
    year = {1971},
    journal = {Astrophys. J.},
    author = {Turner, B.E},
    number = {},
    pages = {L35},
    volume = {163}
}

@article{Brown1976DetectionCyanoacetylene,
    title = {{Detection of interstellar vibrationally excited cyanoacetylene}},
    year = {1976},
    journal = {The Astrophysical Journal},
    author = {Brown, R D and Godfrey, P D and V Storey, J W and Johnson, D R},
    pages = {139--140},
    volume = {210}
}

@article{Olivero1977EmpiricalReview,
    title = {{Empirical fits to the Voigt line width: A brief review}},
    year = {1977},
    journal = {Journal of Quantitative Spectroscopy and Radiative Transfer},
    author = {Olivero, J. J. and Longbothum, R. L.},
    number = {2},
    month = {2},
    pages = {233--236},
    volume = {17},
    publisher = {Pergamon},
    doi = {10.1016/0022-4073(77)90161-3},
    issn = {0022-4073}
}

@article{Gans2016ExperimentalSpectroscopy,
    title = {{Experimental and ab initio characterization of HC 3 N + vibronic structure. II. High-resolution VUV PFI-ZEKE spectroscopy}},
    year = {2016},
    journal = {J. Chem. Phys},
    author = {Gans, Bérenger and Lamarre, Nicolas and Broquier, Michel},
    pages = {234309},
    volume = {145},
    url = {https://doi.org/10.1063/1.4972018},
    doi = {10.1063/1.4972018}
}

@article{Desrier2016ExperimentalSpectroscopy,
    title = {{Experimental and ab initio characterization of HC3N+ vibronic structure. I. Synchrotron-based threshold photo-electron spectroscopy}},
    year = {2016},
    journal = {The Journal of Chemical Physics},
    author = {Desrier, Antoine and Romanzin, Claire and Lamarre, Nicolas and Alcaraz, Christian and Gans, Bérenger and Gauyacq, Dolores and Li{\'{e}}vin, Jacques and Boy{\'{e}}-P{\'{e}}ronne, Séverine},
    number = {23},
    month = {12},
    pages = {234310},
    volume = {145},
    publisher = {AIP Publishing LLCAIP Publishing},
    url = {https://aip.scitation.org/doi/abs/10.1063/1.4972019},
    doi = {10.1063/1.4972019},
    issn = {0021-9606},
    keywords = {ab initio calculations, organic compounds, ultraviolet photoelectron spectra, vibrational states, vibronic states}
}

@article{Kong2012ExplicitlyStructure,
    title = {{Explicitly Correlated R12/F12 Methods for Electronic Structure}},
    year = {2012},
    journal = {Chem. Rev},
    author = {Kong, Liguo and Bischoff, Florian A and Valeev, Edward F},
    pages = {75--107},
    volume = {112},
    url = {https://pubs.acs.org/sharingguidelines},
    doi = {10.1021/cr200204r}
}

@misc{FELIXLaboratory,
    title = {{FELIX Laboratory - FELIX Laboratory}},
    url = {https://www.ru.nl/felix/}
}

@article{Marimuthu2021InfraredCH3CNH+,
    title = {{Infrared predissociation spectroscopy of protonated methyl cyanide, CH3CNH+}},
    year = {2021},
    journal = {Journal of Molecular Spectroscopy},
    author = {Marimuthu, Aravindh N. and Huis in't Veld, Frank and Thorwirth, Sven and Redlich, Britta and Br{\"{u}}nken, Sandra},
    month = {5},
    pages = {111477},
    volume = {379},
    publisher = {Academic Press},
    doi = {10.1016/J.JMS.2021.111477},
    issn = {0022-2852},
    keywords = {Astrochemistry, Cryogenic ion trap, Molecular ions, Titan, Vibrational spectra}
}

@article{Dopfer2002InfraredIsomers,
    title = {{Infrared Spectra of C 3 H 3 +-N 2 Dimers: Identification of Proton-Bound c-C 3 H 3 +-N 2 and H 2 CCCH +-N 2 Isomers}},
    year = {2002},
    author = {Dopfer, Otto and Roth, Doris and Maier, John P},
    url = {https://pubs.acs.org/sharingguidelines},
    doi = {10.1021/ja012004p}
}

@article{Leach2014IonizationCyanoacetylene,
    title = {{Ionization photophysics and spectroscopy of cyanoacetylene}},
    year = {2014},
    journal = {The Journal of Chemical Physics},
    author = {Leach, Sydney and Garcia, Gustavo A. and Mahjoub, Ahmed and B{\'{e}}nilan, Yves and Fray, Nicolas and Gazeau, Marie Claire and Gaie-Levrel, François and Champion, Norbert and Schwell, Martin},
    number = {17},
    month = {5},
    pages = {174305},
    volume = {140},
    publisher = {American Institute of PhysicsAIP},
    url = {https://aip.scitation.org/doi/abs/10.1063/1.4871298},
    doi = {10.1063/1.4871298},
    issn = {0021-9606},
    pmid = {24811639},
    keywords = {Rydberg states, molecule-photon collisions, organic compounds, photoelectron spectra, photoionisation, potential energy surfaces, synchrotron radiation, vibrational states}
}

@article{Marimuthu2020LaboratorySpectroscopy,
    title = {{Laboratory gas-phase vibrational spectra of [C3H3]+ isomers and isotopologues by IRPD spectroscopy}},
    year = {2020},
    journal = {Journal of Molecular Spectroscopy},
    author = {Marimuthu, Aravindh N. and Sundelin, David and Thorwirth, Sven and Redlich, Britta and Geppert, Wolf D. and Br{\"{u}}nken, Sandra},
    month = {11},
    pages = {111377},
    volume = {374},
    publisher = {Academic Press},
    doi = {10.1016/J.JMS.2020.111377},
    issn = {0022-2852},
    keywords = {Astrochemistry, Cryogenic ion trap, Molecular ions, Titan, Vibrational spectra}
}

@article{Thorwirth2020Molecular+,
    title = {{Molecular Physics An International Journal at the Interface Between Chemistry and Physics ISSN: (Print) (Online) Journal homepage: https://www.tandfonline.com/loi/tmph20 Descendant of the X-ogen carrier and a 'mass of 69': infrared action spectroscopic detection of HC 3 O Descendant of the X-ogen carrier and a 'mass of 69': infrared action spectroscopic detection of HC 3 O + and HC 3 S +}},
    year = {2020},
    journal = {Molecular Physics},
    author = {Thorwirth, Sven and Harding, Michael E and Asvany, Oskar and Br{\"{u}}nken, Sandra and Jusko, Pavol and Long Kelvin Lee, Kin and Salomon, Thomas and McCarthy, Michael C and Schlemmer, Stephan},
    pages = {19--20},
    volume = {118},
    url = {https://www.tandfonline.com/action/journalInformation?journalCode=tmph20},
    doi = {10.1080/00268976.2020.1776409},
    keywords = {HC 3 O +, HC 3 S +, Ion traps, action spectroscopy, vibrational spectroscopy}
}

@article{Rap2020StableSpectroscopy,
    title = {{Stable isomeric structures of the pyridine cation (C5H5N•+) and protonated pyridine (C5H5NH+) elucidated by cold ion infrared spectroscopy}},
    year = {2020},
    journal = {Journal of Molecular Spectroscopy},
    author = {Rap, Daniël B. and Marimuthu, Aravindh N. and Redlich, Britta and Br{\"{u}}nken, Sandra},
    month = {9},
    pages = {111357},
    volume = {373},
    publisher = {Academic Press},
    doi = {10.1016/J.JMS.2020.111357},
    issn = {0022-2852},
    keywords = {Aromatic, Astrochemistry, Cold ions, Gas phase, Infrared spectroscopy, Isomers}
}

@article{Peterson2008SystematicallyIN,
    title = {{Systematically convergent basis sets for explicitly correlated wavefunctions: The atoms H, He, B-Ne, and Al-Ar ARTICLES YOU MAY BE INTERESTED IN}},
    year = {2008},
    journal = {J. Chem. Phys},
    author = {Peterson, Kirk A and Adler, Thomas B and Werner, Hans-Joachim},
    pages = {84102},
    volume = {128},
    url = {https://doi.org/10.1063/1.2831537},
    doi = {10.1063/1.2831537}
}

@article{Brown1977TheEffect,
    title = {{The effective Hamiltonian for the Renner-Teller effect}},
    year = {1977},
    journal = {Journal of Molecular Spectroscopy},
    author = {Brown, J. M.},
    number = {3},
    pages = {412--422},
    volume = {68},
    doi = {10.1016/0022-2852(77)90245-4},
    issn = {1096083X}
}

@article{Jusko2019TheDiscussions,
    title = {{The FELion cryogenic ion trap beam line at the FELIX free-electron laser laboratory: infrared signatures of primary alcohol cations † Faraday Discussions}},
    year = {2019},
    journal = {This journal is Cite this: Faraday Discuss},
    author = {Jusko, Pavol and Br{\"{u}}nken, Sandra and Br{\"{u}}nken, Br¨ and Asvany, Oskar and Thorwirth, Sven and Stoffels, Alexander and Van Der Meer, Lex and Berden, Giel and Redlich, Britta and Oomens, Jos and Schlemmer, Stephan},
    pages = {172},
    volume = {217},
    url = {http://www.ru.nl/felix/},
    doi = {10.1039/c8fd00225h}
}

@article{Oepts1995TheFELIX,
    title = {{The Free-Electron-Laser user facility FELIX}},
    year = {1995},
    journal = {Infrared Physics and Technology},
    author = {Oepts, D. and van der Meer, A. F.G. and van Amersfoort, P. W.},
    number = {1},
    pages = {297--308},
    volume = {36},
    doi = {10.1016/1350-4495(94)00074-U},
    issn = {13504495}
}

@article{He2005TheRadical,
    title = {{The ground state of the HCCS free radical}},
    year = {2005},
    journal = {The Journal of Chemical Physics},
    author = {He, Sheng-Gui and Clouthier, Dennis J},
    pages = {519},
    volume = {123},
    url = {https://doi.org/10.1063/1.1938947https://doi.org/10.1063/1.1938948},
    doi = {10.1063/1.1938947}
}

@article{Werner2020ThePackage,
    title = {{The Molpro quantum chemistry package}},
    year = {2020},
    journal = {J. Chem. Phys},
    author = {Werner, Hans-Joachim and Knowles, Peter J and Manby, Frederick R},
    pages = {144107},
    volume = {152},
    url = {https://doi.org/10.1063/5.0005081},
    doi = {10.1063/5.0005081}
}

@article{Werner2020ThePackageb,
    title = {{The Molpro quantum chemistry package}},
    year = {2020},
    journal = {J. Chem. Phys},
    author = {Werner, Hans-Joachim and Knowles, Peter J and Manby, Frederick R},
    pages = {144107},
    volume = {152},
    url = {https://doi.org/10.1063/5.0005081},
    doi = {10.1063/5.0005081}
}

@article{Vuitton2006TheRevealed,
    title = {{The nitrogen chemistry of Titan's upper atmosphere revealed}},
    year = {2006},
    journal = {Astrophys. J.},
    author = {Vuitton, V and Yelle, R V},
    pages = {175--178},
    volume = {647}
}

@article{Pople2006TheCoupling,
    title = {{The Renner effect and spin-orbit coupling}},
    year = {2006},
    journal = {http://dx.doi.org/10.1080/00268976000100021},
    author = {Pople, J. A.},
    number = {1},
    pages = {16--22},
    volume = {3},
    publisher = { Taylor {\&} Francis Group },
    url = {https://www.tandfonline.com/doi/abs/10.1080/00268976000100021},
    doi = {10.1080/00268976000100021},
    issn = {13623028}
}

@article{Dai2015TheCalculations,
    title = {{The Renner-Teller effect in HCCCN+(X2{$\Pi$}) studied by zero-kinetic energy photoelectron spectroscopy and theoretical calculations}},
    year = {2015},
    journal = {The Journal of Chemical Physics},
    author = {Dai, Zuyang and Sun, Wei and Wang, Jia and Mo, Yuxiang},
    number = {5},
    month = {8},
    pages = {054301},
    volume = {143},
    publisher = {AIP Publishing LLCAIP Publishing},
    url = {https://aip.scitation.org/doi/abs/10.1063/1.4927005},
    doi = {10.1063/1.4927005},
    issn = {0021-9606},
    keywords = {ground states, ionisation potential, organic compounds, photoelectron spectra, positive ions, spin-orbit interactions, vibrational states, vibronic states}
}

@article{Botschwina2011ThisSocieties,
    title = {{This journal is c the Owner Societies}},
    year = {2011},
    journal = {Phys. Chem. Chem. Phys},
    author = {Botschwina, Peter and Oswald, Rainer and Dopfer, Otto},
    pages = {14163--14175},
    volume = {13},
    url = {www.rsc.org/pccp},
    doi = {10.1039/c1cp20815b}
}

@article{Smith-Gicklhorn2001VibrationalCations,
    title = {{Vibrational spectroscopy of matrix-isolated, mass-selected cyanoacetylene cations}},
    year = {2001},
    journal = {J. Chem. Phys},
    author = {Smith-Gicklhorn, A M and Lorenz, M and Ko{\l}os, R},
    pages = {7534},
    volume = {115},
    url = {https://doi.org/10.1063/1.1405019},
    doi = {10.1063/1.1405019}
}

@article{Koppel1981VibronicStates,
    title = {{Vibronic Coupling. I. Mathematical Treatment for Two Electronic States}},
    year = {1981},
    journal = {The Journal of Chemical Physics},
    author = {K{\"{o}}ppel, H and Domcke, W and Cederbaum, L S and Koppel, H},
    pages = {7367},
    volume = {74},
    url = {https://doi.org/10.1063/1.455268},
    doi = {10.1063/1.441417}
}

@article{RennerZurMolekiilen,
    title = {{Zur Theorie der Wechselwirkung zwischen Elektronen-und Kern-bewegung bei dreiatomigen, stabf6rmigen Molekiilen}},
    author = {Renner, R}
}