
@ARTICLE{BDD1982,
       author = {{Bogey}, M. and {Demuynck}, C. and {Destombes}, J.~L.},
        title = {{Millimetre wave spectrum of CO$^+$ in excited vibrational states}},
      journal = {Mol. Phys.},
         year = 1982,
        month = jan,
       volume = {46},
       number = {3},
        pages = {679-681},
          doi = {10.1080/00268978200101521},
       adsurl = {https://ui.adsabs.harvard.edu/abs/1982MolPh..46..679B},
      adsnote = {Provided by the SAO/NASA Astrophysics Data System}
}


@ARTICLE{TFS2016,
       author = {{Trevi{\~n}o-Morales}, S.~P. and {Fuente}, A. and {S{\'a}nchez-Monge}, {\'A}. and {Pilleri}, P. and {Goicoechea}, J.~R. and {Ossenkopf-Okada}, V. and {Roueff}, E. and {Rizzo}, J.~R. and {Gerin}, M. and {Bern{\'e}}, O. and {Cernicharo}, J. and {G{\'o}nzalez-Garc{\'i}a}, M. and {Kramer}, C. and {Garc{\'i}a-Burillo}, S. and {Pety}, J.},
        title = {{The first CO$^{+}$ image. I. Probing the HI/H$_{2}$ layer around the ultracompact HII region Mon R2}},
      journal = {Astron. Astrophys.},
     keywords = {astrochemistry, photon-dominated region, Hii regions, radio lines: ISM, Astrophysics - Astrophysics of Galaxies},
         year = 2016,
        month = sep,
       volume = {593},
          eid = {L12},
        pages = {L12},
          doi = {10.1051/0004-6361/201628899},
archivePrefix = {arXiv},
       eprint = {1607.06265},
 primaryClass = {astro-ph.GA},
       adsurl = {https://ui.adsabs.harvard.edu/abs/2016A&A...593L..12T},
      adsnote = {Provided by the SAO/NASA Astrophysics Data System}
}

@ARTICLE{GL2021,
       author = {{Gerin}, M. and {Liszt}, H.},
        title = {{CO$^{+}$ as a probe of the origin of CO in diffuse interstellar clouds}},
      journal = {Astron. Astrophys.},
     keywords = {ISM: clouds, ISM: molecules, radio lines: ISM, Astrophysics - Astrophysics of Galaxies},
         year = 2021,
        month = apr,
       volume = {648},
          eid = {A38},
        pages = {A38},
          doi = {10.1051/0004-6361/202039915},
archivePrefix = {arXiv},
       eprint = {2102.09861},
 primaryClass = {astro-ph.GA},
       adsurl = {https://ui.adsabs.harvard.edu/abs/2021A&A...648A..38G},
      adsnote = {Provided by the SAO/NASA Astrophysics Data System}
}

@ARTICLE{GCP2017,
       author = {{Goicoechea}, Javier R. and {Cuadrado}, Sara and {Pety}, J{\'e}r{\^o}me and {Bron}, Emeric and {Black}, John H. and {Cernicharo}, Jos{\'e} and {Chapillon}, Edwige and {Fuente}, Asunci{\'o}n and {Gerin}, Maryvonne},
        title = {{Spatially resolved images of reactive ions in the Orion Bar}},
      journal = {Astron. Astrophys.},
     keywords = {astrochemistry, line: identification, ISM: clouds, (ISM:) photon-dominated region (PDR), Astrophysics - Astrophysics of Galaxies},
         year = 2017,
        month = may,
       volume = {601},
          eid = {L9},
        pages = {L9},
          doi = {10.1051/0004-6361/201730716},
archivePrefix = {arXiv},
       eprint = {1704.08621},
 primaryClass = {astro-ph.GA},
       adsurl = {https://ui.adsabs.harvard.edu/abs/2017A&A...601L...9G},
      adsnote = {Provided by the SAO/NASA Astrophysics Data System}
}


% @article{Latter1993,
% author = {Latter, William B. and Walker, Christopher K. and Maloney, Philip R.},
% doi = {10.1086/187146},
% issn = {0004-637X},
% journal = {Astrophys. J.},
% month = {dec},
% pages = {L97},
% title = {{Detection of the Carbon Monoxide Ion (CO${^+}$) in the Interstellar Medium and a Planetary Nebula}},
% volume = {419},
% year = {1993}
% }


% @article{Stoerzer1995,
% author = {Stoerzer, H. and Stutzki, J. and Sternberg, A.},
% journal = {Astron. Astrophys.},
% pages = {L9--12},
% title = {{CO${^+}$ in the Orion Bar, M17 and S140 star-forming regions.}},
% volume = {296},
% year = {1995}
% }

@article{Fuente1997,
archivePrefix = {arXiv},
arxivId = {astro-ph/9612134},
author = {Fuente, A. and Mart{\'{i}}n-Pintado, J.},
doi = {10.1086/310532},
eprint = {9612134},
issn = {0004637X},
journal = {Astrophys. J.},
number = {2},
pages = {L107--L109},
primaryClass = {astro-ph},
title = {{Detection of CO${^+}$ toward the Reflection Nebula NGC 7023}},
volume = {477},
year = {1997}
}

% @article{Fuente2003,
% author = {Fuente, A. and Rodr{\'{i}}guez-Franco, A. and Garc{\'{i}}a-Burillo, S. and Martin-Pintado, J. and Black, J. H.},
% doi = {10.1051/0004-6361:20030712},
% issn = {00046361},
% journal = {Astron. Astrophys.},
% keywords = {ISM: abundances,ISM: clouds,ISM: individual objects: NGC 7023, the Orion Bar,ISM: molecules,Planetary nebulae: individual: NGC 7027},
% number = {3},
% pages = {899--913},
% title = {{Observational study of reactive ions and radicals in PDRs}},
% volume = {406},
% year = {2003}
% }

% @article{Savage2004,
% author = {Savage, C. and Ziurys, L. M.},
% doi = {10.1086/424964},
% issn = {0004-637X},
% journal = {Astrophys. J.},
% number = {2},
% pages = {966--975},
% title = {{ Ion Chemistry in Photon‐dominated Regions: Examining the [HCO$^+$]/[HOC$^+$]/[CO$^+$] Chemical Network }},
% volume = {616},
% year = {2004}
% }

% @article{Rizzo2003,
% author = {Rizzo, J. R. and Fuente, A. and Rodrguez-Franco, A. and Garca-Burillo, S.},
% doi = {10.1086/379867},
% issn = {0004-637X},
% journal = {Astrophys. J.},
% number = {2},
% pages = {L153--L156},
% title = {{ Detection of Reactive Ions in the Ultracompact H ii Regions Monoceros R2 and G29.96-0.02 }},
% volume = {597},
% year = {2003}
% }

% @article{Dixon1975,
% author = {Dixon, Thomas A. and Woods, R. Claude},
% doi = {10.1103/PhysRevLett.34.61},
% issn = {0031-9007},
% journal = {Phys. Rev. Lett.},
% month = {jan},
% number = {2},
% pages = {61--63},
% title = {{Microwave Absorption Spectrum of the CO${^+}$ Ion}},
% url = {https://link.aps.org/doi/10.1103/PhysRevLett.34.61},
% doi = {10.1103/PhysRevLett.34.61},
% volume = {34},
% year = {1975}
% }

% @article{Sastry1981,
% author = {Sastry, K. V. L. N. and Helminger, Paul and Herbst, Eric and de Lucia, F. C.},
% doi = {10.1086/183680},
% issn = {0004-637X},
% journal = {Astrophys. J.},
% month = {nov},
% pages = {L91},
% title = {{Laboratory millimeter and submillimeter spectra of CO$^+$}},
% url = {http://adsabs.harvard.edu/doi/10.1086/183680},
% volume = {250},
% year = {1981}
% }

% @article{Savage2005,
% author = {Savage, C. and Ziurys, L. M.},
% doi = {10.1063/1.1879372},
% issn = {00346748},
% journal = {Rev. Sci. Instr.},
% number = {4},
% pages = {1--6},
% title = {{A millimeter/submillimeter velocity modulation spectrometer for studies of molecular ions}},
% volume = {76},
% year = {2005}
% }

% @article{Stauber2009,
% author = {St{\"{a}}uber, P. and Bruderer, S.},
% doi = {10.1051/0004-6361/200912381},
% issn = {00046361},
% journal = {Astron. Astrophys.},
% keywords = {Astrochemistry,ISM: molecules,Radiative transfer},
% number = {1},
% pages = {195--203},
% title = {{Excitation and abundance study of CO${^+}$ in the interstellar medium}},
% volume = {505},
% year = {2009}
% }

% @article{Spezzano2013,
% author = {Spezzano, Silvia and Br{\"{u}}nken, Sandra and M{\"{u}}ller, Holger S.P. and Klapper, Gabriele and Lewen, Frank and Menten, Karl M. and Schlemmer, Stephan},
% doi = {10.1021/jp312616u},
% issn = {10895639},
% journal = {J. Phys. Chem. A},
% number = {39},
% pages = {9814--9818},
% title = {{Accurate high-N rest frequencies for CO$^+$, an ideal tracer of photon-dominated regions}},
% volume = {117},
% year = {2013}
% }

@article{PGOPHER, 
title={PGOPHER: A program for simulating rotational, vibrational and Electronic Spectra}, 
volume={186}, DOI={10.1016/j.jqsrt.2016.04.010}, journal={J. Quant. Spectrosc. Radiat. Transf.}, 
author={Western, Colin M.}, 
year={2017}, 
pages={221–242}
}

@article{heuvel_dymanus_1982, 
title={{Observation of far-infrared transitions of HCO$^+$, CO$^+$ and HN$_2^+$}}, 
volume={92}, 
DOI={10.1016/0009-2614(82)80263-7}, 
number={3}, journal={Chem. Phys. Lett.}, 
author={van den Heuvel, F.C. and Dymanus, A.}, year={1982}, 
pages={219–222}
}
 
% @article{Fuente2006,
% author = {Fuente, A. and Garc{\'{i}}a-Burillo, S. and Gerin, M. and Rizzo, J. R. and Usero, A. and Teyssier, D. and Roueff, E. and {Le Bourlot}, J.},
% doi = {10.1086/503605},
% issn = {0004-637X},
% journal = {Astrophys. J.},
% mendeley-groups = {CO+},
% number = {2},
% pages = {L105--L108},
% title = {{ Detection of CO$^+$ in the Nucleus of M82 }},
% volume = {641},
% year = {2006}
% }

% @article{Lande1921,
% author = {Land{\'{e}}, A},
% doi = {10.1007/BF01335014},
% issn = {0044-3328},
% journal = {Z. Phys.},
% number = {4},
% pages = {231--241},
% title = {{{\"{U}}ber den anomalen Zeemaneffekt (Teil I)}},
% url = {https://doi.org/10.1007/BF01335014},
% volume = {5},
% year = {1921}
% }

@article{CODATA_latest,
  title={CODATA recommended values of the fundamental physical constants: 2018},
  author={Tiesinga, Eite and Mohr, Peter J and Newell, David B and Taylor, Barry N},
  journal={J. Phys. Chem. Ref. Data},
  volume={50},
  number={3},
  pages={033105},
  year={2021},
  publisher={AIP Publishing LLC for the National Institute of Standards and Technology}
}

@article{e-spin-g-factor,
 ISSN = {00368733, 19467087},
 URL = {http://www.jstor.org/stable/24925943},
 author = {H. R. Crane},
 journal = {Sci. Am.},
 number = {1},
 pages = {72--85},
 publisher = {Scientific American, a division of Nature America, Inc.},
 title = {The g Factor of the Electron},
 volume = {218},
 year = {1968}
}

@article{Bogey1982,
    title = {{Millimetre wave spectrum of CO${^+}$ in excited vibrational states}},
    year = {1982},
    journal = {Mol. Phys.},
    author = {Bogey, M. and Demuynck, C. and Destombes, J. L.},
    number = {3},
    pages = {679--681},
    volume = {46},
    doi = {10.1080/00268978200101521},
    issn = {13623028}
}

@article{CO+He_collision,
author = {Anusuri, Bhargava},
doi = {10.1016/j.comptc.2020.112937},
issn = {2210271X},
journal = {Comput. Theor. Chem.},
number = {July},
year = {2020},
pages = {112937},
publisher = {Elsevier},
title = {{Quantum dynamical study of rotational excitation of CO$^+$ (X $^2 \Sigma ^+$) by He collisions}},
url = {https://doi.org/10.1016/j.comptc.2020.112937},
volume = {1188},
}

% @article{Asvany2008,
% author = {Asvany, Oskar and Ricken, Oliver and M{\"{u}}ller, Holger S.P. and Wiedner, Martina C. and Giesen, Thomas F. and Schlemmer, Stephan},
% doi = {10.1103/PhysRevLett.100.233004},
% issn = {00319007},
% journal = {Phys. Rev. Lett.},
% number = {23},
% pages = {13--16},
% title = {{High-resolution rotational spectroscopy in a cold ion trap: H$_2$D$^+$ and D$_2$H$^+$}},
% volume = {100},
% year = {2008}
% }



@Article{rotational_action_methods,
author ={Asvany, Oskar and Schlemmer, Stephan},
title  ={{Rotational action spectroscopy of trapped molecular ions}},
journal  ="Phys. Chem. Chem. Phys.",
year  ="2021",
volume  ="23",
issue  ="47",
pages  ="26602-26622",
publisher  ="The Royal Society of Chemistry",
doi  ="10.1039/D1CP03975J",
url  ="http://dx.doi.org/10.1039/D1CP03975J",
abstract  ="Rotational action spectroscopy is an experimental method in which rotational spectra of molecules{,} typically in the microwave to sub-mm-wave domain of the electromagnetic spectrum (∼1–1000 GHz){,} are recorded by action spectroscopy. Action spectroscopy means that the spectrum is recorded not by detecting the absorption of light by the molecules{,} but by the action of the light on the molecules{,} e.g.{,} photon-induced dissociation of a chemical bond{,} a photon-triggered reaction{,} or photodetachment of an electron. Typically{,} such experiments are performed on molecular ions{,} which can be well controlled and mass-selected by guiding and storage techniques. Though coming with many advantages{,} the application of action schemes to rotational spectroscopy was hampered for a long time by the small energy content of a corresponding photon. Therefore{,} the first rotational action spectroscopic methods emerged only about one decade ago. Today{,} there exists a toolbox full of different rotational action spectroscopic schemes which are summarized in this review."}

% @article{Gartner2013,
% author = {G{\"{a}}rtner, Sabrina and Krieg, J{\"{u}}rgen and Klemann, Andr{\'{e}} and Asvany, Oskar and Br{\"{u}}nken, Sandra and Schlemmer, Stephan},
% doi = {10.1021/jp400258e},
% issn = {10895639},
% journal = {J. Phys. Chem. A},
% number = {39},
% pages = {9975--9984},
% title = {{High-resolution spectroscopy of CH$_2$D$^+$ in a cold 22-pole ion trap}},
% volume = {117},
% year = {2013}
% }

% @article{Topfer2018,
% author = {T{\"{o}}pfer, Matthias and Salomon, Thomas and Kohguchi, Hiroshi and Dopfer, Otto and Yamada, Koichi M.T. and Schlemmer, Stephan and Asvany, Oskar},
% doi = {10.1103/PhysRevLett.121.143001},
% issn = {10797114},
% journal = {Phys. Rev. Lett.},
% keywords = {doi:10.1103/PhysRevLett.121.143001 url:https://doi},
% number = {14},
% pages = {143001},
% pmid = {30339424},
% publisher = {American Physical Society},
% title = {{Double Resonance Rotational Spectroscopy of Weakly Bound Ionic Complexes: The Case of Floppy CH$_3^+$ -He}},
% url = {https://doi.org/10.1103/PhysRevLett.121.143001},
% volume = {121},
% year = {2018}
% }

% @article{Markus2019,
% author = {Markus, Charles R. and Thorwirth, Sven and Asvany, Oskar and Schlemmer, Stephan},
% doi = {10.1039/c9cp05487a},
% issn = {14639076},
% journal = {Phys. Chem. Chem. Phys.},
% number = {48},
% pages = {26406--26412},
% pmid = {31793941},
% publisher = {Royal Society of Chemistry},
% title = {{High-resolution double resonance action spectroscopy in ion traps: Vibrational and rotational fingerprints of CH$_2$NH$_2^+$}},
% volume = {21},
% year = {2019}
% }


@article{kohguchi2018high,
  title={{High-resolution infrared spectroscopy of O$_2$H$^+$ in a cryogenic ion trap}},
  author={Kohguchi, Hiroshi and Jusko, Pavol and Yamada, Koichi MT and Schlemmer, Stephan and Asvany, Oskar},
  journal={J. Chem. Phys.},
  doi = {10.1063/1.5023633},
  volume={148},
  number={14},
  pages={144303},
  year={2018},
  publisher={AIP Publishing LLC}
}
@article{domenech2017,
  title={{Accurate frequency determination of vibration--rotation and rotational transitions of SiH$^+$}},
  author={Dom{\'e}nech, Jos{\'e} L and Schlemmer, Stephan and Asvany, Oskar},
  journal={Astrophys. J.},
  volume={849},
  number={1},
  pages={60},
  year={2017},
  doi = {10.3847/1538-4357/aa8fca},
  publisher={IOP Publishing}
}
@article{thorwirth2019,
  title={{Pure rotational spectrum of CN$^+$}},
  author={Thorwirth, Sven and Schreier, Phillip and Salomon, Thomas and Schlemmer, Stephan and Asvany, Oskar},
  journal={Astrophys. J. Lett.},
  volume={882},
  doi = {10.3847/2041-8213/ab3927},
  number={1},
  pages={L6},
  year={2019},
  publisher={IOP Publishing}
}
@article{AMR2021,
  title={{The fundamental rotational transition of NO$^+$}},
  author={Asvany, Oskar and Markus, Charles R and Roucou, Anthony and Schlemmer, Stephan and Thorwirth, Sven and Lauzin, Cl{\'e}ment},
  journal={J. Mol. Spectrosc.},
  volume={378},
  doi = {10.1016/j.jms.2021.111447},
  pages={111447},
  year={2021},
  publisher={Elsevier}
}

@article{AMS2020,
title = {{High-resolution rovibrational spectroscopy of c-C{$_3$}H{$_2^+$}: The ${\nu_7}$ C–H antisymmetric stretching band}},
journal = {J. Mol. Struct.},
volume = {1214},
pages = {128023},
year = {2020},
issn = {0022-2860},
doi = {10.1016/j.molstruc.2020.128023},
url = {https://www.sciencedirect.com/science/article/pii/S0022286020303483},
author = {Oskar Asvany and Charles R. Markus and Thomas Salomon and Philipp C. Schmid and Shreyak Banhatti and Sandra Brünken and Filippo Lipparini and Jürgen Gauss and Stephan Schlemmer},
keywords = {Ion trap, Rovibrational spectroscopy, Action spectroscopy, Coupled cluster calculations, c-},
}
@Article{BKS2017,
  author   = {{Br{\"u}nken}, S. and {Kluge}, L. and {Stoffels}, A. and {P{\'e}rez-R{\'{i}}os}, J. and {Schlemmer}, S.},
  title    = {{Rotational state-dependent attachment of He atoms to cold molecular ions: An action spectroscopic scheme for rotational spectroscopy}},
  journal  = {J. Mol. Spectrosc.},
  year     = {2017},
  volume   = {332},
  pages    = {67-78},
  month    = feb,
  adsnote  = {Provided by the SAO/NASA Astrophysics Data System},
  adsurl   = {http://adsabs.harvard.edu/abs/2017JMoSp.332...67B},
  doi      = {10.1016/j.jms.2016.10.018},
  keywords = {Cryogenic ion trap, Rotational spectroscopy, Action spectroscopy, Ternary association reactions},
}
@Article{JAW2014,
  author   = {Pavol Jusko and Oskar Asvany and Ann-Christine Wallerstein and Sandra Br\"unken and Stephan Schlemmer},
  title    = {{Two-Photon Rotational Action Spectroscopy of Cold OH$^{-}$ at 1 ppb Accuracy}},
  journal  = {Phys. Rev. Lett.},
  year     = {2014},
  volume   = {112},
  number   = {25},
  pages    = {253005},
  month    = jun,
  adsnote  = {Provided by the SAO/NASA Astrophysics Data System},
  adsurl   = {http://adsabs.harvard.edu/abs/2014PhRvL.112y3005J},
  doi      = {10.1103/PhysRevLett.112.253005},
  eid      = {253005},
  keywords = {Rotation vibration and vibration-rotation constants, Radio-frequency and microwave spectra, Infrared spectra, Laser-modified scattering and reactions},
}
@Article{BKS2014,
  author   = {{Br{\"u}nken}, S. and {Kluge}, L. and {Stoffels}, A. and {Asvany}, O. and {Schlemmer}, S.},
  title    = {{Laboratory Rotational Spectrum of l-C$_{3}$H$^{+}$ and Confirmation of its Astronomical Detection}},
  journal  = {{Astrophys. J.}},
  year     = {2014},
  volume   = {783},
  pages    = {L4},
  month    = mar,
  adsnote  = {Provided by the SAO/NASA Astrophysics Data System},
  adsurl   = {http://adsabs.harvard.edu/abs/2014ApJ...783L...4B},
  doi      = {10.1088/2041-8205/783/1/L4},
  eid      = {L4},
  keywords = {astrochemistry, ISM: abundances, ISM: molecules, line: identification, methods: laboratory: molecular, techniques: spectroscopic},
}
@article{JBA2019,
Author = {Jusko, Pavol and Brünken, Sandra and Asvany, Oskar and Thorwirth, Sven
   and Stoffels, Alexander and van der Meer, Lex and Berden, Giel and
   Redlich, Britta and Oomens, Jos and Schlemmer, Stephan},
Title = {{The FELion cryogenic ion trap beam line at the FELIX free-electron laser
   laboratory: infrared signatures of primary alcohol cations}},
Journal = {{Faraday Discuss.}},
Year = {2019},
Volume = {{217}},
Pages = {{172-202}},
Month = {7},
DOI = {{10.1039/c8fd00225h}},
ISSN = {{1359-6640}},
EISSN = {{1364-5498}},
}
@Article{Daly1960,
  author  = {N. R. Daly},
  title   = {Scintillation Type Mass Spectrometer Ion Detector},
  journal = {Rev. Sci. Instrum.},
  year    = {1960},
  volume  = {31},
  number  = {3},
  pages   = {264-267},
  doi     = {10.1063/1.1716953},
}